<?xml version="1.0" encoding="UTF-8"?><collection><record><leader>10131ntm a2200877 a 4500</leader><controlfield tag="001">006818732</controlfield><controlfield tag="003">MiAaHDL</controlfield><controlfield tag="005">20190719000000.0</controlfield><controlfield tag="006">m        d        </controlfield><controlfield tag="007">cr bn ---auaua</controlfield><controlfield tag="008">090615q17701821xx            00| ||per d</controlfield><datafield tag="035" ind1=" " ind2=" "><subfield code="a">(MiU)006818732</subfield></datafield><datafield tag="035" ind1=" " ind2=" "><subfield code="a">sdr-miu006818732</subfield></datafield><datafield tag="040" ind1=" " ind2=" "><subfield code="a">MiU</subfield><subfield code="c">MiU</subfield><subfield code="e">amremm</subfield></datafield><datafield tag="043" ind1=" " ind2=" "><subfield code="a">n-us-mi</subfield><subfield code="a">a-ii---</subfield></datafield><datafield tag="100" ind1="0" ind2=" "><subfield code="6">880-01</subfield><subfield code="a">Naʻmat Ḵẖān-i-ʻĀlī,</subfield><subfield code="d">d. ca. 1710.</subfield></datafield><datafield tag="245" ind1="1" ind2="0"><subfield code="6">880-02</subfield><subfield code="a">[Rūznāmachah-i muḥāṣarah-i Qalʻah-i Dār al-Jihād ...etc.,</subfield><subfield code="f">late 18th or early 19th century?].</subfield></datafield><datafield tag="246" ind1="3" ind2=" "><subfield code="a">روزنامه وقایع محاصره حیدرآباد</subfield></datafield><datafield tag="246" ind1="3" ind2=" "><subfield code="6">880-05</subfield><subfield code="a">Vaqāʼiʻ-i Ḥaydarābād</subfield></datafield><datafield tag="246" ind1="3" ind2=" "><subfield code="6">880-04</subfield><subfield code="a">Vaqāʼiʻ-i Niʻmat Khān-i ʻĀlī</subfield></datafield><datafield tag="260" ind1=" " ind2=" "><subfield code="c">[1770-1821?].</subfield></datafield><datafield tag="300" ind1=" " ind2=" "><subfield code="a">214 leaves :</subfield><subfield code="b">paper ;</subfield><subfield code="c">240 x 165 (189 x 107) mm.</subfield></datafield><datafield tag="500" ind1=" " ind2=" "><subfield code="a">Shelfmark: Ann Arbor, University of Michigan, Special Collections Library, Isl. Ms. 354</subfield></datafield><datafield tag="500" ind1=" " ind2=" "><subfield code="a">Origin: Lacks dated colophon ; paper, decoration, etc. would suggest latter 18th century. Date accompanying ownership statement provides a terminus ante quem of 1236 [1820 or 21]. This manuscript may have been one of the valuables inherited by Z̤iyāʾ al-Salṭanah Shāh Begum from her father's mother Āsiyah Khānum.</subfield></datafield><datafield tag="500" ind1=" " ind2=" "><subfield code="a">Former shelfmarks: "525 [?] T. De M. [i.e. Tammaro De Marinis]" and "260" inscribed in pencil on recto of front flyleaf.</subfield></datafield><datafield tag="500" ind1=" " ind2=" "><subfield code="a">Binding: Upper and lower covers lost, as well as spine leather (sewing, etc. fully exposed on spine) ; Type III binding (without flap) ; sewn in red thread, six stations, over two wide tapes, still intact ; overall in quite poor condition with upper and lower covers lost, abrasion, lifting and losses of spine leather, etc. ; housed in box for protection.</subfield></datafield><datafield tag="500" ind1=" " ind2=" "><subfield code="a">Support: non-European (likely Indian or Persian) laid paper with 11 laid lines per cm. (horizontal, fairly distinct) and no chains clearly visible, thin, crisp and transluscent though sturdy, highly sized and burnished to glossy, grayish in color ; written area surface dyed pink, yellow, light green, etc. ; some breakthrough within written area in first few quires of second work.</subfield></datafield><datafield tag="500" ind1=" " ind2=" "><subfield code="a">Decoration: Exquisite illuminated headpiece (ʻunwān / sarlawḥ) at opening of first work consisting of rectangular piece with gold cartouche (carrying the basmalah in white ink) flanked by delicate vegetal designs in gold, white and pink on a blue ground and bordered in bands of black and gold, surmounted by double w-shaped piece filled with delicate floral vegetal decoration in pink, green, yellow, etc. on fields of gold, blue, and green, all set in an elaborate well consisting of bands of red, gold interlace, and black and surmounted by vertical stalks (tīgh) in blue and vegetal forms in gold ; another splendid headpiece at opening of second work on fol.100b consisting of rectangular piece with gold cartouche (carrying the basmalah in white ink) flanked by vegetal designs in gold and green on a blue ground and bordered in bands of green and gold, surmounted by w-shaped piece filled with delicate floral vegetal decoration in pink, green, yellow, etc. on bands of gold, blue, and dark lavender, all set in an elaborate well consisting of bands of black, gold, and green overlaid with floral designs and surmounted by vertical stalks (tīgh) in blue and vegetal forms in gold ; illuminated marginal decoration bordering written area of incipit and facing page of opening and second work each consisting of a band of floral and vegetal forms in gold with green and red accents ; written area surface dyed pink, yellow, light green, etc., gold-flecked and surrounded by gold frame, divisions within also ruled in gold ; headings and keywords rubricated ; overlining in red ; textual dividers in the form inverted commas in red ; opening work illustrated with one half-page (fol.50a) and one full-page (fol.53b) miniature and final work illustrated with three half-page (fol.193b, 195a, 203b) miniatures and one full-page (fol.198a) miniature, all in Indian style.</subfield></datafield><datafield tag="500" ind1=" " ind2=" "><subfield code="a">Script: Nastaʻlīq ; bold, elegant hand in a heavy line ; serifless, with effect of words descending to baseline, elongation and exaggerated thickness of horizontal strokes, pointing mainly in distinct dots ; Arabic excerpts in a bold naskh, mainly serifless (though alif of lam alif ligature has left-sloping barbed serif) with dramatically sweeping descenders, usually fully vocalized.</subfield></datafield><datafield tag="500" ind1=" " ind2=" "><subfield code="a">Layout: Varies ; opening prose work written in 19 lines per page ; written area often divided to three columns with verses on the diagonal or alternating diagonal and horizontal in 10-16 lines (hemistiches) per column, for 15 to 24 lines of verse per page ; frame-ruled.</subfield></datafield><datafield tag="500" ind1=" " ind2=" "><subfield code="a">Collation: 4 IV(32), II (36), 2 IV(52), III-1 (57), 3 IV(81), III (87), IV (95), II (99), 8 IV(163), V (173), III (179), 3 IV(203), IV+3 (214) ; middle of the quire marks in the form of black oblique strokes appear in opposite outer corners of the facing leaves ; a few leaves ruled and tinted but left blank in opening work (see fol.33b, 42a, 74b) ; catchwords present.</subfield></datafield><datafield tag="500" ind1=" " ind2=" "><subfield code="a">Incipit: [Vaqāʼiʻ-i Ḥaydarābād] "روزنامچۀ وقایع ایام محاصرۀ قلعه دار الجهاد حیدرآباد سیز دهم رجب سنه ٣٠ دمی که مدرس کشاف صبح در صفۀ صدق و صفا ..." ; [Mas̲navī] "حمد و شکر او را که هرچه هست ازوست دام هستی حلقه دار از های و هوست ..." ; [Nān va ḥalvā ] "ایها اللاهی عن العهد القدیم ایها الساهی عن النهج القویم ..." ; [Farhād va Shīrīn] "الهی سینۀ ده آتش افروز در ان سینه دلی و ان دل همه سوز ..."</subfield></datafield><datafield tag="500" ind1=" " ind2=" "><subfield code="a">Title supplied by cataloguer from inscription on 'title page' (fol.2a).</subfield></datafield><datafield tag="500" ind1=" " ind2=" "><subfield code="a">Ms. codex.</subfield></datafield><datafield tag="505" ind1="0" ind2=" "><subfield code="a">9. fol.213b-fol.214b : [blank].</subfield></datafield><datafield tag="505" ind1="0" ind2=" "><subfield code="a">8. fol.204b-fol.213a : [other poetic excerpts].</subfield></datafield><datafield tag="505" ind1="0" ind2=" "><subfield code="a">7. fol.180a-fol.204b : Khusraw [Farhād] va Shīrīn / Vaḥshī Bāfqī.</subfield></datafield><datafield tag="505" ind1="0" ind2=" "><subfield code="a">6. fol.179b : [blank].</subfield></datafield><datafield tag="505" ind1="0" ind2=" "><subfield code="a">5. fol.169a-fol.179a : Nān va ḥalvā / Bahāʼ al-Dīn ʻĀmilī.</subfield></datafield><datafield tag="505" ind1="0" ind2=" "><subfield code="a">4. fol.168b : [blank].</subfield></datafield><datafield tag="505" ind1="0" ind2=" "><subfield code="a">3. fol.100b-fol.168a : [Mas̲navī] / Niʻmat Khān ʻĀlī.</subfield></datafield><datafield tag="505" ind1="0" ind2=" "><subfield code="a">2. fol.100a : [blank].</subfield></datafield><datafield tag="505" ind1="0" ind2=" "><subfield code="a">1. fol.2b-fol.99b : Rūznāmachah-i muḥāṣarah-i Qalʻah-i Dār al-Jihād / Niʻmat Khān ʻĀlī.</subfield></datafield><datafield tag="510" ind1="4" ind2=" "><subfield code="a">Dominic Parviz Brookshaw, “ŻIĀʾ-AL-SALṬANA,” Encyclopaedia Iranica,</subfield><subfield code="c">Online Edition, August 15, 2006.</subfield></datafield><datafield tag="510" ind1="4" ind2=" "><subfield code="a">Cat. Pers. MSS. Brit. Mus.,</subfield><subfield code="c">p.663</subfield></datafield><datafield tag="510" ind1="4" ind2=" "><subfield code="a">Berthels, E. "Niʿmat K̲H̲ān, called ʿĀlī, Mīrzā Nūr al-Dīn Muḥammad." In EI2,</subfield><subfield code="c">vol.VIII, p.48, col.1</subfield></datafield><datafield tag="510" ind1="4" ind2=" "><subfield code="a">Cat. Pers. MSS. Brit. Mus.,</subfield><subfield code="c">p.703</subfield></datafield><datafield tag="510" ind1="4" ind2=" "><subfield code="a">Cat. Pers. MSS. Brit. Mus.,</subfield><subfield code="c">p.268</subfield></datafield><datafield tag="520" ind1="8" ind2=" "><subfield code="a">Splendid copy of a collection of works (majmūʻah) opening with Rūznāmachah-i muḥāṣarah-i Qalʻah-i Dār al-Jihād or Vaqāʼiʻ-i Ḥaydarābād, the journal of the seige of Ḥaydarābād by Awrangzīb in Rajab and Shaʻbān 1097 [1686] composed by Niʻmat Khān ʻĀlī Shīrāzī (d.1710), followed by a Mas̲navī of Niʻmat Khān, Nān va ḥalvā by Bahāʼ al-Dīn ʻĀmilī (d.1621), Farhād va Shīrīn (title in rubricated heading given as Khusraw va Shīrīn), one of the mas̲navīs of Vaḥshī Bāfqī (d.1583), and a few other poetic excerpts. Illustrated with six fine miniatures. Contributions to the cataloguing from Ali Rafi.</subfield></datafield><datafield tag="538" ind1=" " ind2=" "><subfield code="a">Mode of access: Internet.</subfield></datafield><datafield tag="541" ind1=" " ind2=" "><subfield code="c">Purchase ;</subfield><subfield code="a">Acquired by purchase (funds donated by Horace Rackham).</subfield><subfield code="d">1924.</subfield></datafield><datafield tag="546" ind1=" " ind2=" "><subfield code="a">Persian.</subfield></datafield><datafield tag="561" ind1=" " ind2=" "><subfield code="a">Inscriptions in pencil on front flyleaf "525 [?] T. De M. [i.e. Tammaro De Marinis]" and "260" ; on ‘title page’ rectangular seal impression of Z̤iyāʼ al-Salṭanah Shāh Begum (1799-1873) [ضياء السلطنه شاه بيگم] seventh daughter and private secretary of Fatḥ ʻAlī Shāh Qājār (r.1797-1834), as well as an accomplished calligrapher, accompanying ownership statement dated 1236 [1820 or 21] ; on verso of final leaf (fol.214b), possible shelfmark / inventory mark or book price with Hindu-Arabic and siyāq numerals (contribution to the cataloguing from Ali Rafi) ; occasional marginal corrections.</subfield></datafield><datafield tag="600" ind1="0" ind2="0"><subfield code="a">Aurangzeb,</subfield><subfield code="c">Emperor of Hindustan,</subfield><subfield code="d">1618-1707.</subfield></datafield><datafield tag="650" ind1=" " ind2="0"><subfield code="a">Manuscripts, Persian</subfield><subfield code="z">Michigan</subfield><subfield code="z">Ann Arbor.</subfield></datafield><datafield tag="650" ind1=" " ind2="0"><subfield code="a">Persian poetry</subfield><subfield code="y">1500-1796.</subfield></datafield><datafield tag="650" ind1=" " ind2="0"><subfield code="a">Masnavis, Persian</subfield><subfield code="v">Early works to 1800.</subfield></datafield><datafield tag="651" ind1=" " ind2="0"><subfield code="a">Golconda (India)</subfield><subfield code="x">History</subfield><subfield code="y">Siege, 1687</subfield><subfield code="v">Early works to 1800.</subfield></datafield><datafield tag="651" ind1=" " ind2="0"><subfield code="a">Mogul Empire</subfield><subfield code="x">History</subfield><subfield code="v">Early works to 1800.</subfield></datafield><datafield tag="655" ind1=" " ind2="7"><subfield code="a">Headpieces (layout features)</subfield><subfield code="y">18th century.</subfield><subfield code="2">aat</subfield></datafield><datafield tag="700" ind1="0" ind2=" "><subfield code="a">Abdülhamid</subfield><subfield code="b">II,</subfield><subfield code="c">Sultan of the Turks,</subfield><subfield code="d">1842-1918,</subfield><subfield code="e">former owner.</subfield></datafield><datafield tag="700" ind1="0" ind2="2"><subfield code="6">880-11</subfield><subfield code="a">Vaḥshī Bāfqī,</subfield><subfield code="d">-1583.</subfield><subfield code="t">Farhād va Shīrīn.</subfield></datafield><datafield tag="700" ind1="1" ind2="2"><subfield code="6">880-09</subfield><subfield code="a">ʻĀmilī, Bahāʼ al-Dīn Muḥammad ibn Ḥusayn,</subfield><subfield code="d">1547-1621.</subfield><subfield code="t">Nān va ḥalvā.</subfield></datafield><datafield tag="700" ind1="0" ind2="2"><subfield code="6">880-07</subfield><subfield code="a">Naʻmat K̲h̲ān-i-ʻĀlī,</subfield><subfield code="d">d. ca. 1710.</subfield><subfield code="t">Mas̲navī.</subfield></datafield><datafield tag="740" ind1="0" ind2="2"><subfield code="6">880-12</subfield><subfield code="a">Khusraw va Shīrīn</subfield></datafield><datafield tag="740" ind1="0" ind2="2"><subfield code="6">880-08</subfield><subfield code="a">Mas̲navī afṣaḥ khuṭabā va amlaḥ shuʻarā</subfield></datafield><datafield tag="773" ind1="0" ind2=" "><subfield code="a">Abdul Hamid Collection.</subfield></datafield><datafield tag="880" ind1="0" ind2="2"><subfield code="6">740-12/</subfield><subfield code="a">خسرو و شيرين</subfield></datafield><datafield tag="880" ind1="0" ind2="2"><subfield code="6">700-11/</subfield><subfield code="a">وحشى بافقى.</subfield><subfield code="t">فرهاد و شيرين.</subfield></datafield><datafield tag="880" ind1="1" ind2="2"><subfield code="6">700-09/</subfield><subfield code="a">عاملى, بهاء الدين محمد بن حسين.</subfield><subfield code="t">نان و حلوا.</subfield></datafield><datafield tag="880" ind1="0" ind2="2"><subfield code="6">740-08/</subfield><subfield code="a">مثنوى افصح خطبا و املح شعرا</subfield></datafield><datafield tag="880" ind1="0" ind2="2"><subfield code="6">700-07/</subfield><subfield code="a">نعمت خان عالى.</subfield><subfield code="t">مثنوى.</subfield></datafield><datafield tag="880" ind1="3" ind2=" "><subfield code="6">246-05/</subfield><subfield code="a">وقايع حيدرآباد</subfield></datafield><datafield tag="880" ind1="3" ind2=" "><subfield code="6">246-04/</subfield><subfield code="a">وقایع نعمت خان عالی</subfield></datafield><datafield tag="880" ind1="1" ind2="0"><subfield code="6">245-02/</subfield><subfield code="a">[روزنامچه محاصره قلعه دار الجهاد ...الخ,</subfield><subfield code="f">پایان قرن 18 یا آغاز قرن 19م؟].</subfield></datafield><datafield tag="880" ind1="0" ind2=" "><subfield code="6">100-01/</subfield><subfield code="a">نعمت خان عالى.</subfield></datafield><datafield tag="CID" ind1=" " ind2=" "><subfield code="a">006818732</subfield></datafield><datafield tag="DAT" ind1="0" ind2=" "><subfield code="a">20190719102639.0</subfield><subfield code="b">20190719000000.0</subfield></datafield><datafield tag="DAT" ind1="1" ind2=" "><subfield code="a">20190719090653.0</subfield><subfield code="b">2019-07-19T16:10:56Z</subfield></datafield><datafield tag="DAT" ind1="2" ind2=" "><subfield code="a">2015-10-02T18:00:03Z</subfield></datafield><datafield tag="CAT" ind1=" " ind2=" "><subfield code="a">SDR-MIU</subfield><subfield code="d">EX LIBRIS - ALEPH</subfield><subfield code="l">prepare.pl-004-008</subfield></datafield><datafield tag="FMT" ind1=" " ind2=" "><subfield code="a">BK</subfield></datafield><datafield tag="HOL" ind1=" " ind2=" "><subfield code="0">sdr-miu006818732</subfield><subfield code="a">MiU</subfield><subfield code="b">SDR</subfield><subfield code="c">MIU</subfield><subfield code="p">mdp.39015079129972</subfield><subfield code="s">MIU</subfield><subfield code="1">006818732</subfield></datafield><datafield tag="974" ind1=" " ind2=" "><subfield code="b">MIU</subfield><subfield code="c">MIU</subfield><subfield code="d">20190719</subfield><subfield code="s">lit-dlps-dc</subfield><subfield code="u">mdp.39015079129972</subfield><subfield code="y">1821</subfield><subfield code="r">pd</subfield><subfield code="q">bib</subfield><subfield code="t">non-US bib date2 &lt; 1896</subfield></datafield></record></collection>